@article{AI-Assisted-Drone-Localization,
author = {Czurkó, Dániel and Fehér, Gábor},
year = {2023},
month = {},
pages = {},
title = {AI-Assisted Drone Localization of Arbitrary Objects using Aruco Markers},
volume = {},
journal={1st Workshop on Intelligent Infocommunication Networks, Systems and Services},
doi = {10.3311/WINS2023-003}
}
@article{Nakajima2024AboutAE,
  title={About an Error Correcting Method of ArUco Markers Considering Row Data for a Mobile Robot},
  author={Kosuke Nakajima and Takeru Nagashima and Yuka Komori and Shohei Yasuda and Ryota Tanabe and Wataru Uemura},
  journal={2024 IEEE 13th Global Conference on Consumer Electronics (GCCE)},
  year={2024},
  pages={273-275},
  url={https://api.semanticscholar.org/CorpusID:274371639}
}
@article{FiducialMarkerNoisy,
  author={Zakiev, Aufar and Tsoy, Tatyana and Shabalina, Ksenia and Magid, Evgeni and Saha, Subir Kumar},
  journal={2020 International Joint Conference on Neural Networks (IJCNN)}, 
  title={Virtual Experiments on ArUco and AprilTag Systems Comparison for Fiducial Marker Rotation Resistance under Noisy Sensory Data}, 
  year={2020},
  volume={},
  number={},
  pages={1-6},
  keywords={Robot sensing systems;Cameras;Noise level;Reliability;Immune system;Virtual environments;robotics;fiducial marker system;recognition algorithms;experimental comparison;ROS;Gazebo},
  doi={10.1109/IJCNN48605.2020.9207701}
}
@article{ROMERORAMIREZ2021104094,
title = {Tracking fiducial markers with discriminative correlation filters},
journal = {Image and Vision Computing},
volume = {107},
pages = {104094},
year = {2021},
issn = {0262-8856},
doi = {https://doi.org/10.1016/j.imavis.2020.104094},
url = {https://www.sciencedirect.com/science/article/pii/S0262885620302262},
author = {Francisco J. Romero-Ramirez and Rafael Muñoz-Salinas and Rafael Medina-Carnicer},
keywords = {Discriminative correlation filter, Squared fiducial markers, Marker mapping SLAM}
}

@online{pytorch_cifar10,
  author = {{PyTorch}},
  title = {Training a Classifier},
  year = {2024},
  url = {https://pytorch.org/tutorials/beginner/blitz/cifar10_tutorial.html},
  urldate = {2024-03-20}
}

@online{pytorch_models,
  author = {{PyTorch}},
  title = {torchvision.models Documentation},
  year = {2024},
  url = {https://pytorch.org/vision/main/models.html},
  urldate = {2024-03-20}
}

@online{pytorch_retinanet,
  author = {{PyTorch}},
  title = {RetinaNet Implementation},
  year = {2024},
  url = {https://pytorch.org/vision/0.20/_modules/torchvision/models/detection/retinanet.html},
  urldate = {2024-03-20}
}

@online{pytorch_fasterrcnn,
  author = {{PyTorch}},
  title = {Faster R-CNN Implementation},
  year = {2024},
  url = {https://pytorch.org/vision/0.12/_modules/torchvision/models/detection/faster_rcnn.html},
  urldate = {2024-03-20}
}

@online{pytorch_mobilenet_rcnn,
  author = {{PyTorch}},
  title = {FasterRCNN MobileNetV3 Implementation},
  year = {2024},
  url = {https://pytorch.org/vision/main/models/generated/torchvision.models.detection.fasterrcnn_mobilenet_v3_large_fpn.html},
  urldate = {2024-03-20}
}

